
<?xml version="1.0" encoding="UTF-8" ?>
<?xml-stylesheet type="text/xsl" href="http://swb.bsz-bw.de/sru/?xsl=searchRetrieveResponse" ?>
<srw:searchRetrieveResponse xmlns:srw="http://www.loc.gov/zing/srw/"
                            xmlns:dc="http://purl.org/dc/elements/1.1/"
                            xmlns:diag="http://www.loc.gov/zing/srw/diagnostic/"
                            xmlns:xcql="http://www.loc.gov/zing/cql/xcql/">
    <srw:version>1.1</srw:version>
    <srw:numberOfRecords>1</srw:numberOfRecords>
    <srw:resultSetId>SID4e4438a9-0S14904</srw:resultSetId>
    <srw:records>



        <srw:record>
            <srw:recordSchema>marc21</srw:recordSchema>
            <srw:recordPacking>xml</srw:recordPacking>
            <srw:recordData>
                <record>
                    <leader>     cam a22     2  4500</leader>
                    <controlfield tag="001">30333049X</controlfield>
                    <controlfield tag="003">DE-576</controlfield>
                    <controlfield tag="005">20140428172911.0</controlfield>
                    <controlfield tag="007">tu</controlfield>
                    <controlfield tag="008">090220s2008    xx             00 0 fre c</controlfield>
                    <datafield tag="020" ind1=" " ind2=" "><subfield code="a">9782296055223</subfield>
                        <subfield code="9">978-2-296-05522-3</subfield></datafield>
                    <datafield tag="035" ind1=" " ind2=" "><subfield code="a">(DE-599)BSZ30333049X</subfield></datafield>
                    <datafield tag="035" ind1=" " ind2=" "><subfield code="a">(DE-615)00389957</subfield></datafield>
                    <datafield tag="040" ind1=" " ind2=" "><subfield code="a">DE-576</subfield>
                        <subfield code="b">ger</subfield>
                        <subfield code="c">DE-576</subfield>
                        <subfield code="e">rakwb</subfield></datafield>
                    <datafield tag="041" ind1=" " ind2=" "><subfield code="a">fre</subfield></datafield>
                    <datafield tag="082" ind1="0" ind2=" "><subfield code="a">380</subfield></datafield>
                    <datafield tag="082" ind1="0" ind2=" "><subfield code="a">0905</subfield></datafield>
                    <datafield tag="082" ind1="0" ind2=" "><subfield code="a">0904</subfield></datafield>
                    <datafield tag="082" ind1="0" ind2=" "><subfield code="a">944</subfield></datafield>
                    <datafield tag="084" ind1=" " ind2=" "><subfield code="a">SH08.01</subfield>
                        <subfield code="2">FIV</subfield></datafield>
                    <datafield tag="084" ind1=" " ind2=" "><subfield code="a">ZGF480</subfield>
                        <subfield code="2">DFI</subfield></datafield>
                    <datafield tag="084" ind1=" " ind2=" "><subfield code="a">RA04.06</subfield>
                        <subfield code="2">FIV</subfield></datafield>
                    <datafield tag="084" ind1=" " ind2=" "><subfield code="a">RQ</subfield>
                        <subfield code="2">FIV</subfield></datafield>
                    <datafield tag="245" ind1="1" ind2="0"><subfield code="a">Automobilités et altermobilités :</subfield>
                        <subfield code="b">quels changements ? /</subfield>
                        <subfield code="c">sous la dir. de Fabrice Clochard ... Préface de Dominique Desjeux</subfield></datafield>
                    <datafield tag="260" ind1=" " ind2=" "><subfield code="a">Paris :</subfield>
                        <subfield code="b">L'Harmattan,</subfield>
                        <subfield code="c">2008</subfield></datafield>
                    <datafield tag="300" ind1=" " ind2=" "><subfield code="a">286 S. :</subfield>
                        <subfield code="b">Lit.Hinw.</subfield></datafield>
                    <datafield tag="336" ind1=" " ind2=" "><subfield code="a">Text</subfield>
                        <subfield code="b">txt</subfield>
                        <subfield code="2">rdacontent</subfield></datafield>
                    <datafield tag="337" ind1=" " ind2=" "><subfield code="a">ohne Hilfsmittel zu benutzen</subfield>
                        <subfield code="b">n</subfield>
                        <subfield code="2">rdamedia</subfield></datafield>
                    <datafield tag="338" ind1=" " ind2=" "><subfield code="a">Band</subfield>
                        <subfield code="b">nc</subfield>
                        <subfield code="2">rdacarrier</subfield></datafield>
                    <datafield tag="490" ind1="0" ind2=" "><subfield code="a">Dossiers sciences humaines et sociales</subfield></datafield>
                    <datafield tag="591" ind1=" " ind2=" "><subfield code="a">IMD-Felder und 1131 maschinell ergänzt</subfield></datafield>
                    <datafield tag="650" ind1=" " ind2="4"><subfield code="a">Frankreich</subfield>
                        <subfield code="x">Global</subfield>
                        <subfield code="x">Verkehr</subfield>
                        <subfield code="x">Transportmittel/Verkehrsmittel</subfield>
                        <subfield code="x">Personenkraftwagen</subfield>
                        <subfield code="x">Zusammenhang</subfield>
                        <subfield code="x">Klimawandel</subfield>
                        <subfield code="x">Umweltschädigung</subfield>
                        <subfield code="x">Alternative</subfield>
                        <subfield code="x">Dauerhafte Entwicklung</subfield></datafield>
                    <datafield tag="650" ind1=" " ind2="4"><subfield code="a">Mobilität</subfield>
                        <subfield code="x">Treibhauseffekt</subfield>
                        <subfield code="x">Folgen von Umweltschäden</subfield>
                        <subfield code="x">Treibhausgase</subfield>
                        <subfield code="x">Private Haushalte</subfield>
                        <subfield code="x">Nahverkehrsmittel</subfield>
                        <subfield code="x">Erneuerbare Energiequellen</subfield>
                        <subfield code="x">Entwicklungsperspektive und -tendenz</subfield></datafield>
                    <datafield tag="700" ind1="1" ind2=" "><subfield code="a">Clochard, Fabrice</subfield>
                        <subfield code="e">Hrsg.</subfield>
                        <subfield code="0">(DE-588)138295018</subfield>
                        <subfield code="0">(DE-576)303353783</subfield>
                        <subfield code="4">edt</subfield></datafield>
                    <datafield tag="700" ind1="1" ind2=" "><subfield code="a">Rocci, Anaïs</subfield>
                        <subfield code="e">Hrsg.</subfield>
                        <subfield code="0">(DE-576)303353791</subfield>
                        <subfield code="4">edt</subfield></datafield>
                    <datafield tag="700" ind1="1" ind2=" "><subfield code="a">Vincent, Stéphanie</subfield>
                        <subfield code="e">Hrsg.</subfield>
                        <subfield code="0">(DE-576)303353805</subfield>
                        <subfield code="4">edt</subfield></datafield>
                    <datafield tag="935" ind1=" " ind2=" "><subfield code="a">imda</subfield></datafield>
                    <datafield tag="935" ind1=" " ind2=" "><subfield code="b">druck</subfield></datafield>
                    <leader>000  xxxxxcx  a22     zn 4500</leader>
                    <leader>001 593110137</leader>
                    <leader>003  DE-576</leader>
                    <leader>004  30333049X</leader>
                    <leader>005  20090220091916</leader>
                    <leader>008  090211||||||||||||||||ger|||||||</leader>
                    <leader>035
                        (DE-Lg3)D856085</leader>
                    <leader>541
                        DFI 08/0935</leader>
                    <leader>689
                        s
                        Verkehr/Transport/Tourismus</leader>
                    <leader>689
                        s
                        Frankreich</leader>
                    <leader>689
                        s
                        Weltweit</leader>
                    <leader>852
                        DE-Lg3</leader>
                    <leader>852 1
                        VT 760.AUT
                        p
                        00</leader>
                    <leader>936ln
                        SH08.01</leader>
                    <leader>936ln
                        RA04.06</leader>
                    <leader>936ln
                        RQ</leader>
                    <leader>000  xxxxxnx  a22     zn 4500</leader>
                    <leader>001 752957031</leader>
                    <leader>003  DE-576</leader>
                    <leader>004  30333049X</leader>
                    <leader>005  20130703092404</leader>
                    <leader>008  130703||||||||||||||||ger|||||||</leader>
                    <leader>035
                        (DE-Lg3)00389957</leader>
                    <leader>035
                        (DE-Lg3)D856085</leader>
                    <leader>689
                        s
                        Frankreich; Global; Verkehr; Transportmittel/Verkehrsmittel; Personenkraftwagen; Zusammenhang; Klimawandel; Umweltschädigung; Alternative; Dauerhafte Entwicklung</leader>
                    <leader>689
                        s
                        Mobilität; Treibhauseffekt; Folgen von Umweltschäden; Treibhausgase; Private Haushalte; Nahverkehrsmittel; Erneuerbare Energiequellen; Entwicklungsperspektive und -tendenz</leader>
                    <leader>852
                        DE-Lg3</leader>
                    <leader>852 1
                        VT 760.AUT
                        00</leader>
                    <leader>935
                        DFIV</leader>
                    <leader>936ln
                        SH08.01 Verkehr/Transport/Tourismus</leader>
                    <leader>936ln
                        RA04.06 Frankreich</leader>
                    <leader>936ln
                        RQ Weltweit</leader>
                    <leader>000  xxxxxnx  a22     zn 4500</leader>
                    <leader>001 760820732</leader>
                    <leader>003  DE-576</leader>
                    <leader>004  30333049X</leader>
                    <leader>005  20130711020738</leader>
                    <leader>008  130711||||||||||||||||ger|||||||</leader>
                    <leader>035
                        (DE-615)00389957</leader>
                    <leader>035
                        (DE-615)D856085</leader>
                    <leader>689
                        s
                        Frankreich; Global; Verkehr; Transportmittel/Verkehrsmittel; Personenkraftwagen; Zusammenhang; Klimawandel; Umweltschädigung; Alternative; Dauerhafte Entwicklung</leader>
                    <leader>689
                        s
                        Mobilität; Treibhauseffekt; Folgen von Umweltschäden; Treibhausgase; Private Haushalte; Nahverkehrsmittel; Erneuerbare Energiequellen; Entwicklungsperspektive und -tendenz</leader>
                    <leader>852
                        DE-615</leader>
                    <leader>852 1
                        p
                        00</leader>
                    <leader>935
                        DFIV</leader>
                    <leader>936ln
                        SH08.01 Verkehr/Transport/Tourismus</leader>
                    <leader>936ln
                        RA04.06 Frankreich</leader>
                    <leader>936ln
                        RQ Weltweit</leader></record></srw:recordData><srw:recordPosition>1</srw:recordPosition></srw:record>
    </srw:records>
    <srw:echoedSearchRetrieveRequest>
        <srw:version>1.1</srw:version>
        <srw:query>pica.ppn+%3D+30333049X</srw:query>
        <srw:xQuery><xcql:searchClause><xcql:index>pica.ppn</xcql:index><xcql:relation><xcql:value>=</xcql:value></xcql:relation><xcql:term>30333049X</xcql:term></xcql:searchClause></srw:xQuery>
        <startRecord>1</startRecord>
        <maximumRecords>5</maximumRecords>
        <srw:recordPacking>xml</srw:recordPacking>
        <srw:recordSchema>marc21</srw:recordSchema>

        <srw:stylesheet>http://swb.bsz-bw.de/sru/?xsl=searchRetrieveResponse</srw:stylesheet>
    </srw:echoedSearchRetrieveRequest>
    <diag:diagnostics>
        <diag:uri>info:srw/diagnostic/1/0</diag:uri>


    </diag:diagnostics>
    <srw:extraResponseData>
        <rob:authenticationToken xmlns:rob="info:srw/extension/2/auth-1.0">U998,Pbszgast,I17,B0728+,SY,NRecherche-DB,D2.1,E4e4438a9-0,A,H,R193.197.31.15,FY</rob:authenticationToken>
        <mg:resultGrouping xmlns:mg="info:srw/extension/5/metadata-grouping-v1.0">

            <mg:grouping key="9008" description="Sysflag"></mg:grouping>

            <mg:grouping key="9001" description="Materialart"></mg:grouping>

            <mg:grouping key="9000" description="Erscheinungsjahr"></mg:grouping>

            <mg:grouping key="9030" description="LibID-ADI"></mg:grouping>

            <mg:grouping key="9005" description="jetzt AUI"></mg:grouping>

            <mg:grouping key="9002" description="Region"></mg:grouping>

            <mg:grouping key="9004" description="Sprache"></mg:grouping>

            <mg:grouping key="9015" description="Erschliessungsmaterial"></mg:grouping>


        </mg:resultGrouping>
    </srw:extraResponseData>
</srw:searchRetrieveResponse>